@ONLINE{docker,
  title =  {What is Docker?}, 
  url = {https://aws.amazon.com/docker/},
  urldate = {2024-01-04}
}
@ONLINE{whyDocker,
    title = {What is Docker and what are its advantages?},
    url = {https://www.dimensiona.com/en/what-is-docker-and-what-are-its-advantages/},
    urldate = {2024-01-04}
}
@ONLINE{valhalla,
    url = {https://valhalla.github.io/valhalla/},
    urldate = {2024-01-04}
}
@ONLINE{odin,
    url = {https://valhalla.github.io/valhalla/odin/},
    urldate = {2024-01-04}
}
@ONLINE{kepler1,
    title = {Make an impact with your location data},
    url = {https://kepler.gl/},
    urldate = {2024-01-04}
}
@ONLINE{kepler2,
    title = {Visualizing Data on a map has never been easier Kepler.GL},
    url = {https://www.linkedin.com/pulse/visualizing-data-map-has-never-been-easier-keplergl-ali},
    urldate = {2024-01-04}
}
@ONLINE{kepler3,
    title = {From Beautiful Maps to Actionable Insights: Introducing kepler.gl, Uberâ€™s Open Source Geospatial Toolbox},
    url = {https://www.uber.com/en-SK/blog/keplergl/},
    urldate = {2024-01-04}
}
@ONLINE{create_web_app,
    title = {How to Build a Web App in 12 Simple Steps},
    url = {https://kissflow.com/application-development/how-to-create-a-web-application/},
    urldate = {2024-03-30}
}

@ONLINE{express,
    title = {Express: Fast, unopinionated, minimalist web framework for Node.js},
    url = {https://expressjs.com/},
    urldate = {2024-04-01}
}

@ONLINE{express_history,
    url = {https://github.com/expressjs/express/releases},
    urldate = {2024-04-01}
}

@ONLINE{express_adv_dis,
    title = {Express.js: The Good, the Bad, and the Ugly},
    url = {https://www.linkedin.com/pulse/expressjs-good-bad-ugly-aziz-taha/},
    urldate = {2024-04-01}
}

@ONLINE{vscode_history,
    title = {Announcing Visual Studio Code - Preview},
    url = {https://web.archive.org/web/20151009211114/http://blogs.msdn.com/b/vscode/archive/2015/04/29/announcing-visual-studio-code-preview.aspx},
    urldate = {2024-04-01}
}

@ONLINE{vscode_adv,
    title = {Why did we build Visual Studio Code?},
    url = {https://code.visualstudio.com/docs/editor/whyvscode},
    urldate = {2024-04-01}
}

@ONLINE{vscode,
    url = {https://code.visualstudio.com/docs},
    urldate = {2024-04-01}
}

@ONLINE{mapbox,
    title = {Mapbox},
    url = {https://github.com/mapbox},
    urldate = {2024-04-01}
}

@ONLINE{mapbox_gljs,
    title = {Mapbox GL JS},
    url = {https://www.mapbox.com/mapbox-gljs},
    urldate = {2024-04-01}
}

@ONLINE{mapbox_mobile_navigation,
    title = {Navigation SDK for mobile},
    url = {https://www.mapbox.com/navigation-mobile},
    urldate = {2024-04-01}
}



@ONLINE{mapbox_pricing,
    title = {Mapbox pricing},
    url = {https://www.mapbox.com/pricing},
    urldate = {2024-04-01}
}